
% Stanford Digital Michelangelo %
@InProceedings{Rusinkiewicz2000,
 author = {Szymon Rusinkiewicz and Marc Levoy},
 title = {QSplat: a multiresolution point rendering system for large meshes},
 booktitle = {SIGGRAPH '00: Proceedings of the 27th annual conference on Computer graphics and interactive techniques},
 year = {2000},
 isbn = {1-58113-208-5},
 pages = {343--352},
 doi = {http://doi.acm.org/10.1145/344779.344940},
 publisher = {ACM Press/Addison-Wesley Publishing Co.},
 address = {New York, NY, USA},
 }

% resto dos autores 
@inproceedings{Levoy2000,
 author = {Levoy, Marc and Pulli, Kari and Curless,Szymon and Koller, David and Pereira, Lucas and Ginzton, Matt and Anderson, Sean and Davis, James and Ginsberg, Jeremy and Shade, Jonathan and Fulk, Duane},
 title = {The digital Michelangelo project: 3D scanning of large statues},
 booktitle = {SIGGRAPH '00: Proceedings of the 27th annual conference on Computer graphics and interactive techniques},
 year = {2000},
 isbn = {1-58113-208-5},
 pages = {131--144},
 doi = {http://doi.acm.org/10.1145/344779.344849},
 publisher = {ACM Press/Addison-Wesley Publishing Co.},
 address = {New York, NY, USA},
 }

 @inproceedings{Rusinkiewicz2001,
 author = {Rusinkiewicz, Szymon and Levoy, Marc},
 title = {Streaming QSplat: a viewer for networked visualization of large, dense models},
 booktitle = {I3D '01: Proceedings of the 2001 symposium on Interactive 3D graphics},
 year = {2001},
 isbn = {1-58113-292-1},
 pages = {63--68},
 doi = {http://doi.acm.org/10.1145/364338.364350},
 publisher = {ACM},
 address = {New York, NY, USA},
 }
 
 
% Sequential Point Tress %
@Article{Dachsbacher2003,
 author = {Carsten Dachsbacher and Christian Vogelgsang and Marc Stamminger},
 title = {Sequential point trees},
 journal = {ACM Trans. Graph.},
 volume = {22},
 number = {3},
 year = {2003},
 issn = {0730-0301},
 pages = {657--662},
 doi = {http://doi.acm.org/10.1145/882262.882321},
 publisher = {ACM},
 address = {New York, NY, USA},
 }

 @PHDTHESIS{Wand2004,
   AUTHOR = {Michael Wand},
   TITLE = {Point-Based Multi-Resolution Rendering},
   SCHOOL = {Department of computer science and cognitive science, University of T{\"u}bingen},
   INSTITUTION = {Wilhelm Schickard Institute for Computer Science, Graphical-Interactive Systems (WSI/GRIS), University of T{\"u}bingen},
   YEAR = {2004},
   KEYWORDS = {GRIS},
}

% Books%

@book{Samet05,
 author = {Samet, Hanan},
 title = {Foundations of Multidimensional and Metric Data Structures (The Morgan Kaufmann Series in Computer Graphics and Geometric Modeling)},
 year = {2005},
 isbn = {0123694469},
 publisher = {Morgan Kaufmann Publishers Inc.},
 address = {San Francisco, CA, USA},
 }
 
% aquisicao (perguntar marroquim sobre papers na área de aquisição)

@INPROCEEDINGS{Correa02towardspoint-based,
    author = {Wagner T. Corrêa and Shachar Fleishman and Cláudio T. Silva},
    title = {Towards Point-Based Acquisition and Rendering of Large Real-World Environments},
    booktitle = {In Proceedings of the 15th Brazilian Symposium on Computer Graphics and Image Processing},
    year = {2002}
} 

% basisc

@article{Lorensen1978,
 author = {Lorensen, William E. and Cline, Harvey E.},
 title = {Marching cubes: A high resolution 3D surface construction algorithm},
 journal = {SIGGRAPH Comput. Graph.},
 volume = {21},
 number = {4},
 year = {1987},
 issn = {0097-8930},
 pages = {163--169},
 doi = {http://doi.acm.org/10.1145/37402.37422},
 publisher = {ACM},
 address = {New York, NY, USA},
 }
 
 % GPU
 @article{Ren2002,
 author = {Liu Ren and Hanspeter Pfister and Matthias Zwicker},
 title = {Object Space EWA Surface Splatting : A Hardware Accelerated Approach to High Quality Point Rendering},
 journal = {Computer Graphics Forum},
 volume = {21},
 number = {3},
 pages = {461--470},
 year = {2002},
 doi = {10.1111/1467-8659.00606}
}

@InProceedings{Botsch2003,
 author = {Mario Botsch and Leif Kobbelt},
 title = {High-Quality Point-Based Rendering on Modern GPUs},
 booktitle = {PG '03: Proceedings of the 11th Pacific Conference on Computer Graphics and Applications},
 year = {2003},
 isbn = {0-7695-2028-6},
 pages = {335},
 publisher = {IEEE Computer Society},
 address = {Washington, DC, USA}
}

@InProceedings{marroquim07,
  author = 	 {Ricardo Marroquim and Martin Kraus and Paulo Roma Cavalcanti},
  title = 	 {Efficient Point-Based Rendering Using Image Reconstruction},
  booktitle =	 {Symposium on Point-Based Graphics 2007, Prague-Czech Republic},
  year =	 {2007},
  month =	 {September}
}

 